@online{SGFSite,
	title        = {Generating Bibliographies with biblatex and biber},
	organization = {GameForest},
	url          = {https://game-forest.com/},
    language     = {russian},
}
@online{CitrusRepo,
    title        = {Citrus Game Engine repository},
    organization = {GameForest},
    url          = {https://github.com/mrojkov/Citrus},
    urldate      = {14.06.2019},
    language     = {russian},
}
@online{TriangleSite,
    title        = {A Two-Dimensional Quality Mesh Generator and Delaunay Triangulator},
    organization = {University of California at Berkeley},
    url          = {https://www.cs.cmu.edu/~quake/triangle.html},
    urldate      = {16.06.2019},
    language     = {russian},
}